<?xml version="1.0" encoding="UTF-8"?><collection xmlns="http://www.loc.gov/MARC21/slim"><record><leader>00574nam--2200169-i-4500</leader><controlfield tag="001">000040955</controlfield><controlfield tag="002">20161230</controlfield><controlfield tag="005">20161230201042</controlfield><controlfield tag="008">060222s1000------------r-----000-0-eng-d</controlfield><datafield ind1=" " ind2=" " tag="040"><subfield code="a">IFIN-HH</subfield></datafield><datafield ind1=" " ind2=" " tag="080"><subfield code="a">53(016)</subfield></datafield><datafield ind1="1" ind2=" " tag="110"><subfield code="a">Department Of Education And Science</subfield></datafield><datafield ind1="1" ind2="0" tag="245"><subfield code="a">Scientific research in british universities and colleges. 1972 - 1973. vol.1: physical sciences part 2. sections 17-36 including name and subject indexes</subfield></datafield><datafield ind1=" " ind2=" " tag="260"><subfield code="a">London</subfield><subfield code="b">Her Majesty`S Stationery Office</subfield><subfield code="c">1973</subfield></datafield><datafield ind1=" " ind2=" " tag="300"><subfield code="a">/435/-1025 P</subfield></datafield><datafield ind1=" " ind2=" " tag="852"><subfield code="a">41294</subfield><subfield code="c">53</subfield></datafield><datafield ind1=" " ind2=" " tag="CAT"><subfield code="a">Sys</subfield><subfield code="c">20150318</subfield><subfield code="h">154824</subfield></datafield></record></collection>